<record><leader>00000cas a22000007a 4500</leader><controlfield tag="001">12962140</controlfield><controlfield tag="008">851231d18601861inuwr ne      0    0eng d</controlfield><datafield ind1=" " ind2=" " tag="010"><subfield code="a">sn 85048288 </subfield></datafield><datafield ind1=" " ind2=" " tag="040"><subfield code="a">NPI</subfield><subfield code="b">eng</subfield><subfield code="c">NPI</subfield><subfield code="d">OCLCQ</subfield></datafield><datafield ind1=" " ind2=" " tag="042"><subfield code="a">msc</subfield></datafield><datafield ind1="0" ind2=" " tag="130"><subfield code="a">Flag of the free (Cambridge City, Ind.)</subfield></datafield><datafield ind1="1" ind2="0" tag="245"><subfield code="a">Flag of the free.</subfield></datafield><datafield ind1=" " ind2=" " tag="260"><subfield code="a">Cambridge City, Ind. :</subfield><subfield code="b">K. Whelan, W.H. Keller, and A. Leib</subfield></datafield><datafield ind1=" " ind2=" " tag="300"><subfield code="a">v. :</subfield><subfield code="b">ill. (chiefly advertisements)</subfield></datafield><datafield ind1=" " ind2=" " tag="310"><subfield code="a">Weekly</subfield></datafield><datafield ind1="1" ind2=" " tag="362"><subfield code="a">Began in 1860; ceased in 1861.</subfield></datafield><datafield ind1=" " ind2=" " tag="588"><subfield code="a">Description based on: Vol. 1, no. 3 (Aug. 16, 1860).</subfield></datafield><datafield ind1=" " ind2=" " tag="752"><subfield code="a">United States</subfield><subfield code="b">Indiana</subfield><subfield code="c">Wayne</subfield><subfield code="d">Cambridge City.</subfield></datafield><datafield ind1="0" ind2="0" tag="780"><subfield code="t">Cambridge City bulletin</subfield><subfield code="w">(DLC)sn 87056078</subfield></datafield></record>